
@Book{Donahoo:TCPIP,
author = {Michael J. Donahoo, Kenneth Calvert},
title = {TCP/IP sockets in C: Practical Guide for Programmers},
publisher = {Morgan Kaufmann Publishers},
year = {2001},
address = {San Francisco},
isbn = {978-1-55860-826-9}
}

@Article{RawSocket,
author = {Unknown},
title = {LINUX SOCKET PART 17: Advanced TCP/IP - THE RAW SOCKET PROGRAM EXAMPLES},
note = {[online]. [cit. 2019-04-19]},
url={https://www.tenouk.com/Module43a.html}
}

@Article{Checksum,
author = {Andrea Righi},
title = {udp.c},
note = {[online]. 2003 [cit. 2019-04-19]},
url={https://bit.ly/2Dotrq8}
}

@Article{checksum2,
author = {Unknown},
title = {The TCP/IP Checksum},
note = {[online]. [cit. 2019-04-17]},
url={https://bit.ly/2Uyzs9z}
}

@Article{rfc768,
author = {J. Postel},
title = {User Datagram Protocol},
note = {[online]. 1980 [cit. 2019-04-15]},
url={https://tools.ietf.org/html/rfc768}
}

@Article{rfc791,
author = {J. Postel},
title = {Internet Protocol},
note = {[online]. 1981 [cit. 2019-04-15]},
url={https://tools.ietf.org/html/rfc791}
}

@Article{rfc793,
author = {J. Postel},
title = {Transmission Control Protocol},
note = {[online]. 1981 [cit. 2019-04-15]},
url={https://tools.ietf.org/html/rfc793}
}


@Article{breakloop,
author = {Unknown},
title = {Manpage of PCAP BREAKLOOP},
note = {[online]. 2018 [cit. 2019-04-16]},
url={https://bit.ly/2UvJ7gP}
}

@Article{pcap,
author = {Tim Carstens},
title = {Programming with pcap},
note = {[online]. 2002 [cit. 2019-04-18]},
url={https://www.tcpdump.org/pcap.html}
}


